@article{marrie2019rising,
  title={Rising incidence of psychiatric disorders before diagnosis of immune-mediated inflammatory disease},
  author={Marrie, RA and Walld, R and Bolton, JM and Sareen, J and Walker, JR and Patten, SB and Singer, A and Lix, LM and Hitchon, CA and El-Gabalawy, R and others},
  journal={Epidemiology and psychiatric sciences},
  volume={28},
  number={3},
  pages={333--342},
  year={2019},
  publisher={Cambridge University Press}
}

@inproceedings{garcia2018depresjon,
  title={Depresjon: a motor activity database of depression episodes in unipolar and bipolar patients},
  author={Garcia-Ceja, Enrique and Riegler, Michael and Jakobsen, Petter and T{\o}rresen, Jim and Nordgreen, Tine and Oedegaard, Ketil J and Fasmer, Ole Bernt},
  booktitle={Proceedings of the 9th ACM multimedia systems conference},
  pages={472--477},
  year={2018}
}

@inproceedings{aminifar2021monitoring,
  title={Monitoring motor activity data for detecting patientsâ€™ depression using data augmentation and privacy-preserving distributed learning},
  author={Aminifar, Amin and Rabbi, Fazle and Pun, Violet Ka I and Lamo, Yngve},
  booktitle={2021 43rd Annual International Conference of the IEEE Engineering in Medicine \& Biology Society (EMBC)},
  pages={2163--2169},
  year={2021},
  organization={IEEE}
}

@article{fan2008liblinear,
  title={LIBLINEAR: A library for large linear classification},
  author={Fan, Rong-En and Chang, Kai-Wei and Hsieh, Cho-Jui and Wang, Xiang-Rui and Lin, Chih-Jen},
  journal={the Journal of machine Learning research},
  volume={9},
  pages={1871--1874},
  year={2008},
  publisher={JMLR. org}
}

@article{cutler2012random,
  title={Random forests},
  author={Cutler, Adele and Cutler, D Richard and Stevens, John R},
  journal={Ensemble machine learning: Methods and applications},
  pages={157--175},
  year={2012},
  publisher={Springer}
}

@article{agarap2018deep,
  title={Deep learning using rectified linear units (relu)},
  author={Agarap, Abien Fred},
  journal={arXiv preprint arXiv:1803.08375},
  year={2018}
}

@article{fukushima1980neocognitron,
  title={Neocognitron: A self-organizing neural network model for a mechanism of pattern recognition unaffected by shift in position},
  author={Fukushima, Kunihiko},
  journal={Biological cybernetics},
  volume={36},
  number={4},
  pages={193--202},
  year={1980},
  publisher={Springer}
}

@inproceedings{nair2010rectified,
  title={Rectified linear units improve restricted boltzmann machines},
  author={Nair, Vinod and Hinton, Geoffrey E},
  booktitle={Proceedings of the 27th international conference on machine learning (ICML-10)},
  pages={807--814},
  year={2010}
}

