@book{united1970comprehensive,
  title={Comprehensive drug abuse prevention and control act of 1970},
  author={United States. Congress. House. Committee on Interstate and Foreign Commerce},
  year={1970}
}

@article{hill2019medical,
  title={Medical use of cannabis in 2019},
  author={Hill, Kevin P},
  journal={Jama},
  volume={322},
  number={10},
  pages={974--975},
  year={2019},
  publisher={American Medical Association}
}

@article{gonccalves2020terpenoids,
  title={Terpenoids, cannabimimetic ligands, beyond the cannabis plant},
  author={Gon{\c{c}}alves, Elaine CD and Baldasso, Gabriela M and Bicca, Ma{\'\i}ra A and Paes, Rodrigo S and Capasso, Raffaele and Dutra, Rafael C},
  journal={Molecules},
  volume={25},
  number={7},
  pages={1567},
  year={2020},
  publisher={MDPI}
}

@article{russo2011taming,
  title={Taming THC: potential cannabis synergy and phytocannabinoid-terpenoid entourage effects},
  author={Russo, Ethan B},
  journal={British journal of pharmacology},
  volume={163},
  number={7},
  pages={1344--1364},
  year={2011},
  publisher={Wiley Online Library}
}

@article{booth2019terpenes,
  title={Terpenes in Cannabis sativa--From plant genome to humans},
  author={Booth, Judith K and Bohlmann, J{\"o}rg},
  journal={Plant Science},
  volume={284},
  pages={67--72},
  year={2019},
  publisher={Elsevier}
}

@article{smith2022phytochemical,
  title={The phytochemical diversity of commercial cannabis in the United States},
  author={Smith, Christiana J and Vergara, Daniela and Keegan, Brian and Jikomes, Nick},
  journal={PLoS one},
  volume={17},
  number={5},
  pages={e0267498},
  year={2022},
  publisher={Public Library of Science San Francisco, CA USA}
}

@article{atakan2012cannabis,
  title={Cannabis, a complex plant: different compounds and different effects on individuals},
  author={Atakan, Zerrin},
  journal={Therapeutic advances in psychopharmacology},
  volume={2},
  number={6},
  pages={241--254},
  year={2012},
  publisher={SAGE Publications Sage UK: London, England}
}

@article{hanuvs2020terpenes,
  title={Terpenes/terpenoids in cannabis: are they important?},
  author={Hanu{\v{s}}, Lum{\'\i}r Ond{\v{r}}ej and Hod, Yotam},
  journal={Medical Cannabis and Cannabinoids},
  volume={3},
  number={1},
  pages={25--60},
  year={2020},
  publisher={Karger Publishers}
}

